@online{fallensnow,
    author = "f4l13n5n0w",
    title = "[PentesterLab] CVE-2014-6271/Shellshock",
    url  = "http://f4l13n5n0w.github.io/blog/2015/05/07/pentesterlab-cve-2014-6271-slash-shellshock/",
    addendum = "(accessed: 06.11.2021)"
}

@online{pentesterlab,
    author = "PentesterLab",
    title = "CVE-2014-6271/Shellshock",
    url  = "https://www.pentesterlab.com/exercises/cve-2014-6271/course",
    addendum = "(accessed: 06.11.2021)"
}

@online{metasploit,
    author = "Offensive Security",
    title = "Metasploit",
    url  = "https://www.offensive-security.com/metasploit-unleashed/msfconsole/",
    addendum = "(accessed: 06.11.2021)"
}